@INPROCEEDINGS{Efros,
    author = {Alexei Efros and Thomas Leung},
    title = {Texture Synthesis by Non-parametric Sampling},
    booktitle = {In International Conference on Computer Vision},
    year = {1999},
    pages = {1033--1038}
}
